@manual{ISO:80000-2013,
organization = "AFNOR",
title = "Grandeurs et unités",
number = "ISO 80000",
date = {2013},
}
@online{Wiki:NDS,
author = {{Contributeurs Wikipedia}},
title = {Notations delta en sciences},
url = {https://fr.wikipedia.org/wiki/Notations_delta_en_sciences},
organization = {Wikimédia},
date = {2019-09-02},
}