@incollection{Arnaud2008,
author = {Paul Arnaud},
title = {Exercices résolus de chimie physique},
booktitle = {Sciences Sup},
date = {2008},
publisher = {{Dunod}},
\pages = {344-354},
}
@incollection{Coarer2003,
author = {Le Coarer, Jacques},
title = {Chimie. Le minimum à savoir},
booktitle = {Collection Grenoble Sciences},
year = {2003},
editor = {Jean Bornarel},
publisher = {{EDP Sciences}},
}
@incollection{MauduitWenner2003,
author = {Richard Mauduit and Eric Wenner},
title = {Chimie générale en 30 fiches},
booktitle = {EXPRESS SCIENCES},
year = {2008},
publisher = {{Dunod}},
}
@online{Wiki:OA,
author = {{Contributeurs Wikipedia}},
title = {Orbitale atomique},
url = {https://fr.wikipedia.org/wiki/Orbitale_atomique},
organization = {Wikimédia},
date = {2020-01-06},
}
@online{Wiki:TPE,
author = {{Contributeurs Wikipedia}},
title = {Tableau périodique des éléments},
url = {https://fr.wikipedia.org/wiki/Tableau_périodique_des_éléments},
organization = {Wikimédia},
date = {2020-05-11},
}
