@incollection{Leibnitz1703,
author = {Godefroy-Guillaume Leibnitz},
title = {Explication de l’arithmétique binaire, qui se sert des seuls caractères O et I avec des remarques sur son utilité et sur ce qu’elle donne le sens des anciennes figures chinoises de Fohy},
year = {1703},
publisher = {Académie royale des sciences},
url = {https://hal.archives-ouvertes.fr/ads-00104781/document},
urldate = {2021/07/12},
series = {Mémoires de mathématique et de physique de l’Académie royale des sciences},
}












%--------------------------------------
%entrées type
%--------------------------------------

@book{AuteurAnnee,
author = {Auteur},
title = {Titre de l'ouvrage},
edition = {numéro d'édition},
publisher = {Maison d'édition},
series = {série},
note = {\Href{run:../dossier/ouvrage.pdf}{Nom de fichier de l'ouvrage}},
}

@booklet{Organisme:titreenattache,
title = {Titre de la brochure},
url = {Lien de la page},
organization = {Organisme/marque/association},
note = {\Href{run:../dossier/brochure.pdf}{Nom de fichier de la brochure}},
}

@incollection{AuteurAnnee,
author = {Auteur},
title = {Title de l'ouvrage},
booktitle = {Collection},
year = {1900},
editor = {Editeur},
publisher = {{Maison d'édition}},
note = {\Href{run:../dossier/ouvrage.pdf}{Nom de fichier de l'ouvrage}},
}

@InProceedings{AuteurAnnee,
author = {Auteur/orateur},
title = {Sujet de la conférence/colloque},
booktitle = {Titre de la conférence/colloque},
year = {1900},
note = {\Href{run:../dossier/document.pdf}{Nom de fichier du document}},
}

@Manual{Organisme:Numeronorme-Annee,
title = {Titre de la norme},
key = {Numero de la norme},
organization = {Organisme de normalisation},
year = {1900},
note = {\Href{run:../dossier/norme.pdf}{Nom de fichier de la norme}},
}

@misc{AuteurAnnee,
author = {Auteur},
title = {Titre du document},
year = {1900},
organization = {Organisme},
url = {Lien de la page},
note = {\Href{run:../dossier/document.pdf}{Titre du document}},

}

@online{Site:abreviation,
author = {{Auteur}},
title = {Titre de la page},
url = {Lien de la page},
urldate = {Date de consultation de la page (format 1900-12-01)},
organization = {Organisation},
date = {Date de rédaction de la page (format 1900-12-01)},
}

@report{Organisme:abreviationAnnee,
author = {Auteur},
title = {Titre du cours},
institution = {Institut},
year = {1900},
url = {Lien de la page},
note = {\Href{run:../dossier/cours.pdf}{Nom de fichier du cours}},
}