@incollection{Coarer2003,
author = {Le Coarer, Jacques },
title = {Chimie. Le minimum Ã  savoir},
booktitle = {Collection Grenoble Sciences},
year = {2003},
editor = {Jean Bornarel},
publisher = {{EDP Sciences}},
}
